% Articles
@article{PhysNuclphys196p,
  title={Fundamentals of Physics and Nuclear Physics},
  author={I.C. Baianu},
  year={2009},
  url={https://web.archive.org/web/20121002214053/http://novelresearchinstitute.org/library/PhysNuclphys196p.pdf}
}

@article{PhysRevD.98.030001,
  title={Review of Particle Physics},
  author={P.A. Zyla and others},
  collaboration={Particle Data Group},
  journal={Phys. Rev. D},
  year={2020},
  publisher={American Physical Society},
}

@article{Pappadopulo_2014,
  title={Heavy vector triplets: bridging theory and data},
  volume={2014},
  ISSN={1029-8479},
  url={http://dx.doi.org/10.1007/JHEP09(2014)060},
  DOI={10.1007/jhep09(2014)060},
  number={9},
  journal={Journal of High Energy Physics},
  publisher={Springer Science and Business Media LLC},
  author={Pappadopulo, Duccio and Thamm, Andrea and Torre, Riccardo and Wulzer, Andrea},
  year={2014},
  month={Sep}
}

@article{20121,
  title={Observation of a new particle in the search for the {Standard Model} {Higgs} boson with the {ATLAS} detector at the {LHC}},
  journal={Physics Letters B},
  volume={716},
  number={1},
  pages={1--29},
  year={2012},
  issn={0370-2693},
  doi={https://doi.org/10.1016/j.physletb.2012.08.020},
  url={http://www.sciencedirect.com/science/article/pii/S037026931200857X},
  author={ATLAS Collaboration}
}

@article{201230,
  title={Observation of a new boson at a mass of 125 {GeV} with the {CMS} experiment at the {LHC}},
  journal={Physics Letters B},
  volume={716},
  number={1},
  pages={30--61},
  year={2012},
  issn={0370-2693},
  doi={https://doi.org/10.1016/j.physletb.2012.08.021},
  url={http://www.sciencedirect.com/science/article/pii/S0370269312008581},
  author={CMS Collaboration}
}

@article{Chatrchyan_2013,
  title={Observation of a new boson with mass near 125 {GeV} in pp collisions at $\sqrt{s}=7$ and 8 {TeV}},
  volume={2013},
  ISSN={1029-8479},
  url={http://dx.doi.org/10.1007/JHEP06(2013)081},
  DOI={10.1007/jhep06(2013)081},
  number={6},
  journal={Journal of High Energy Physics},
  publisher={Springer Science and Business Media LLC},
  author={CMS Collaboration},
  year={2013},
  month={Jun}
}

@article{Fitzpatrick_2007,
	doi={10.1088/1126-6708/2007/09/013},
	url={https://doi.org/10.1088%2F1126-6708%2F2007%2F09%2F013},
	year={2007},
	month={sep},
	publisher={Springer Science and Business Media {LLC}},
	volume={2007},
	number={09},
	pages={013--013},
	author={Liam Fitzpatrick and Jared Kaplan and Lisa Randall and Lian-Tao Wang},
	title={Searching for the Kaluza-Klein graviton in bulk {RS} models},
	journal={Journal of High Energy Physics}
}

@article{PhysRevD.76.036006,
  title={Warped gravitons at the CERN LHC and beyond},
  author={Agashe, Kaustubh and Davoudiasl, Hooman and Perez, Gilad and Soni, Amarjit},
  journal={Phys. Rev. D},
  volume={76},
  issue={3},
  pages={036006},
  numpages={9},
  year={2007},
  month={Aug},
  publisher={American Physical Society},
  doi={10.1103/PhysRevD.76.036006},
  url={https://link.aps.org/doi/10.1103/PhysRevD.76.036006}
}

@article{Goldberger_1999,
  title={Modulus Stabilization with Bulk Fields},
  volume={83},
  ISSN={1079-7114},
  url={http://dx.doi.org/10.1103/PhysRevLett.83.4922},
  DOI={10.1103/physrevlett.83.4922},
  number={24},
  journal={Physical Review Letters},
  publisher={American Physical Society (APS)},
  author={Goldberger, Walter D. and Wise, Mark B.},
  year={1999},
  month={Dec},
  pages={4922–4925}
}
@article{Goldberger_2000,
  title={Phenomenology of a stabilized modulus},
  volume={475},
  ISSN={0370-2693},
  url={http://dx.doi.org/10.1016/S0370-2693(00)00099-X},
  DOI={10.1016/s0370-2693(00)00099-x},
  number={3-4},
  journal={Physics Letters B},
  publisher={Elsevier BV},
  author={Goldberger, Walter D. and Wise, Mark B.},
  year={2000},
  month={Mar},
  pages={275–279}
}
