% Books
@book{GriffithsParticle,
  publisher={Pearson Educational International},
  title={Introduction to Elementary Particles},
  author={David J. Griffiths},
  year={2008}
}

@book{BargerCollider,
  publisher={Westview Press},
  title={Collider Physics},
  author={Vernon D. Barger and Roger J.N. Phillips},
  year={1991}
}
