% Miscellaneous

@misc{PhysNuclphys196p,
  title={Fundamentals of Physics and Nuclear Physics},
  author={I.C. Baianu},
  url={https://web.archive.org/web/20121002214053/http://novelresearchinstitute.org/library/PhysNuclphys196p.pdf},
  year={2009}
}

@misc{NobelPrize:1921-Physics,
  author={Foundation, Nobel},
  title={The Nobel Prize in Physics},
  journal={NobelPrize.org},
  url={https://www.nobelprize.org/prizes/physics/1921/summary/},
  year={1921}
}

@misc{NobelPrize:1965-Physics,
  author={Foundation, Nobel},
  title={The Nobel Prize in Physics},
  journal={NobelPrize.org},
  url={https://www.nobelprize.org/prizes/physics/1965/summary/},
  year={1965}
}

@misc{NobelPrize:1979-Physics,
  author={Foundation, Nobel},
  title={The Nobel Prize in Physics},
  journal={NobelPrize.org},
  url={https://www.nobelprize.org/prizes/physics/1979/summary/},
  year={1979}
}

@misc{Reines-Cowan,
  author={Los Alamos Science},
  title={The Reines-Cowan Experiments},
  url={https://library.lanl.gov/cgi-bin/getfile?00326606.pdf},
  year={1997}
}

@misc{krippendorf2010cambridge,
  title={Cambridge Lectures on Supersymmetry and Extra Dimensions},
  author={Sven Krippendorf and Fernando Quevedo and Oliver Schlotterer},
  year={2010},
  eprint={1011.1491},
  archivePrefix={arXiv},
  primaryClass={hep-th}
}

@misc{rauch2016vectorboson,
  title={Vector-Boson Fusion and Vector-Boson Scattering},
  author={Michael Rauch},
  year={2016},
  eprint={1610.08420},
  archivePrefix={arXiv},
  primaryClass={hep-ph}
}
