% Reports

% Chapter 1

% Chapter 2

% Chapter 3

@techreport{CMS-PAS-PFT-09-001,
  title={Particle-Flow Event Reconstruction in {CMS} and Performance for Jets, Taus, and {MET}},
  institution={CERN},
  collaboration={CMS Collaboration},
  address={Geneva},
  number={CMS-PAS-PFT-09-001},
  month={Apr},
  year={2009},
  reportNumber={CMS-PAS-PFT-09-001},
  url={http://cds.cern.ch/record/1194487}
}

@techreport{CMS-PAS-PFT-10-001,
  title={Commissioning of the Particle-flow Event Reconstruction with the first {LHC} collisions recorded in the {CMS} detector},
  collaboration={CMS Collaboration},
  number={CMS-PAS-PFT-10-001},
  year={2010},
  reportNumber={CMS-PAS-PFT-10-001},
  url={http://cds.cern.ch/record/1247373}
}

% Chapter 4

@techreport{CMS-PAS-LUM-17-001,
  title={{CMS} Luminosity Measurements for the 2016 Data Taking Period},
  institution={CERN},
  collaboration={CMS Collaboration},
  address={Geneva},
  number={CMS-PAS-LUM-17-001},
  year={2017},
  reportNumber={CMS-PAS-LUM-17-001},
  url={https://cds.cern.ch/record/2257069}
}

@techreport{CMS-PAS-LUM-17-004,
  title={{CMS} luminosity measurement for the 2017 data-taking period at $\sqrt{s}=13$ {TeV}},
  institution={CERN},
  collaboration={CMS Collaboration},
  address={Geneva},
  number={CMS-PAS-LUM-17-004},
  year={2018},
  reportNumber={CMS-PAS-LUM-17-004},
  url={http://cds.cern.ch/record/2621960}
}

@techreport{CMS-PAS-LUM-18-002,
  title={{CMS} luminosity measurement for the 2018 data-taking period at $\sqrt{s}=13$ {TeV}},
  institution={CERN},
  collaboration={CMS Collaboration},
  address={Geneva},
  number={CMS-PAS-LUM-18-002},
  year={2019},
  reportNumber={CMS-PAS-LUM-18-002},
  url={http://cds.cern.ch/record/2676164}
}

@techreport{CMS-PAS-BTV-15-002,
  title={Identification of double-b quark jets in boosted event topologies},
  institution={CERN},
  collaboration={CMS Collaboration},
  address={Geneva},
  number={CMS-PAS-BTV-15-002},
  year={2016},
  reportNumber={CMS-PAS-BTV-15-002},
  url={https://cds.cern.ch/record/2195743}
}

@techreport{CMS-PAS-B2G-19-006,
  title={Search for a spin-1 heavy resonance that decays to a Z boson and Higgs boson in the semileptonic final states with Run-2 data},
  institution={CERN},
  collaboration={CMS Collaboration},
  address={Geneva},
  number={CMS-PAS-B2G-19-006},
  year={2020},
  reportNumber={CMS-PAS-B2G-19-006},
  url={http://cds.cern.ch/record/2725672}
}

@techreport{CMS-NOTE-2011-005,
  title={Procedure for the {LHC} Higgs boson search combination in Summer 2011},
  institution={CERN},
  collaboration={The ATLAS Collaboration, The CMS Collaboration, The LHC Higgs Combination Group},
  address={Geneva},
  number={CMS-NOTE-2011-005. ATL-PHYS-PUB-2011-11},
  month={Aug},
  year={2011},
  reportNumber={CMS-NOTE-2011-005},
  url={https://cds.cern.ch/record/1379837}
}

% Appendix A

@techreport{Ero:2102885,
  author={Ero, Janos and Evangelou, Ioannis and Flouris, G and Foudas, Costas and Guiducci, Luigi and Loukas, Nikitas and Manthos, Nikolaos and Papadopoulos, Ioannis and Paradas, Evangelos and Sotiropoulos, S and Sphicas, D and Triossi, Andrea and Wulz, Claudia},
  title={The {CMS} {Level-1} Trigger Barrel Track Finder},
  institution={CERN},
  address={Geneva},
  number={CMS-CR-2015-304. 03},
  month={Nov},
  year={2015},
  reportNumber={CMS-CR-2015-304},
  url={https://cds.cern.ch/record/2102885},
  doi={10.1088/1748-0221/11/03/C03038}
}

@techreport{CERN-LHCC-2020-004,
  title={The {Phase-2} Upgrade of the {CMS} Level-1 Trigger},
  institution={CERN},
  collaboration={CMS Collaboration},
  address={Geneva},
  number={CERN-LHCC-2020-004. CMS-TDR-021},
  month={Apr},
  year={2020},
  reportNumber={CERN-LHCC-2020-004},
  url={http://cds.cern.ch/record/2714892},
  note={Final version}
}

@techreport{Amstutz:2194514,
  author={Amstutz, Christian and others},
  title={An {FPGA} based track finder at {L1} for {CMS} at the High Luminosity {LHC}},
  institution={CERN},
  address={Geneva},
  number={CMS-CR-2016-112},
  month={May},
  year={2016},
  reportNumber={CMS-CR-2016-112},
  url={https://cds.cern.ch/record/2194514},
  doi={10.1109/RTC.2016.7543102}
}

@techreport{Bachtis:2648953,
  author={Bachtis, Michail},
  title={Upgrade of the {CMS} Barrel Muon Track Finder for {HL-LHC} featuring a {Kalman} Filter algorithm and an {ATCA} Host Processor with {Ultrascale+} {FPGAs}},
  institution={CERN},
  collaboration={CMS Collaboration},
  address={Geneva},
  number={CMS-CR-2018-294},
  month={Oct},
  year={2018},
  reportNumber={CMS-CR-2018-294},
  url={https://cds.cern.ch/record/2648953},
  doi={10.22323/1.343.0139}
}
